<?xml version="1.0" encoding="UTF-8"?><collection xmlns="http://www.loc.gov/MARC21/slim"><record><leader>00607nam--2200169-i-4500</leader><controlfield tag="001">000044589</controlfield><controlfield tag="002">20161230</controlfield><controlfield tag="005">20170129002802</controlfield><controlfield tag="008">060222s1000------------r-----000-0-eng-d</controlfield><datafield ind1=" " ind2=" " tag="080"><subfield code="a">541.13:548.5:541.183</subfield></datafield><datafield ind1=" " ind2=" " tag="100"><subfield code="a">Thevenin, Jacques G</subfield></datafield><datafield ind1=" " ind2=" " tag="245"><subfield code="a">Croissance homoepitaxique des depots electrolytiques de nickel. Application de l`etude de l`influence de quelques adjuvants organiques sur le processus d`electrocristallisation</subfield><subfield code="b">these</subfield></datafield><datafield ind1=" " ind2=" " tag="260"><subfield code="a">Paris</subfield><subfield code="b">L`Univ.Pierre Et Marie Curie</subfield><subfield code="c">1974</subfield></datafield><datafield ind1=" " ind2=" " tag="300"><subfield code="a">/877-885p.</subfield></datafield><datafield ind1=" " ind2=" " tag="490"><subfield code="a">Electronica Acata, 1976</subfield></datafield><datafield ind1=" " ind2=" " tag="852"><subfield code="a">43961</subfield></datafield><datafield ind1=" " ind2=" " tag="CAT"><subfield code="a">SYS</subfield><subfield code="c">20170129</subfield><subfield code="h">002802</subfield></datafield></record></collection>